<?xml version="1.0" encoding="UTF-8"?><record xmlns="http://www.loc.gov/MARC21/slim" xmlns:cinclude="http://apache.org/cocoon/include/1.0" xmlns:zs="http://www.loc.gov/zing/srw/">
  <leader>00384cz  a2200133n  4500</leader>
  <controlfield tag="001">n 2003001369</controlfield>
  <controlfield tag="003">DLC</controlfield>
  <controlfield tag="005">20030203093123.0</controlfield>
  <controlfield tag="008">030131n| acannaabn          |a aaa      </controlfield>
  <datafield tag="010" ind1=" " ind2=" ">
    <subfield code="a">n 2003001369</subfield>
  </datafield>
  <datafield tag="040" ind1=" " ind2=" ">
    <subfield code="a">DLC</subfield>
    <subfield code="b">eng</subfield>
    <subfield code="c">DLC</subfield>
  </datafield>
  <datafield tag="100" ind1="1" ind2=" ">
    <subfield code="a">Rodin, Auguste,</subfield>
    <subfield code="d">1840-1917.</subfield>
    <subfield code="t">Rodin e l'Italia.</subfield>
    <subfield code="l">French</subfield>
  </datafield>
  <datafield tag="400" ind1="1" ind2=" ">
    <subfield code="a">Rodin, Auguste,</subfield>
    <subfield code="d">1840-1917.</subfield>
    <subfield code="t">Rodin et l'Italie</subfield>
  </datafield>
  <datafield tag="670" ind1=" " ind2=" ">
    <subfield code="a">Rodin et l'Italie, c2001.</subfield>
  </datafield>
</record>